% @book{book:sastra_cina_kontemporer,
%    title =     {中国现代文学史第3 版 (上)},
%    author =    {朱栋霖、吴义勤、朱晓进},
%    publisher = {北京大学出版社},
%    isbn =      {978-7-301-28900-6},
%    year =      {2018},
%    series =    {},
%    edition =   {},
%    volume =    {},
%    url =       {}
% }

@book{book:mingdonggu2019,
   title =     {Routledge Handbook of Modern Chinese Literature},
   author =    {Dong Gu Ming},
   publisher = {Routledge},
   isbn =      {},
   year =      {2019},
   series =    {},
   edition =   {},
   volume =    {},
   url =       {}
}

% @misc{baidu_yuqian,
%     title = {老舍},
%     url = {https://baike.baidu.com/item/%E8%80%81%E8%88%8D/193756},
%     author = {},
%     year = {2024},
%     note = {Diakses pada 20 November 2024}
% }


% @misc{baidu_ahq,
%     title = {龙须沟},
%     url = {https://baike.baidu.com/item/%E9%BE%99%E9%A1%BB%E6%B2%9F/32281},
%     author = {},
%     year = {2023},
%     note = {Diakses pada 20 November 2024}
% }

@software{tange_2024_14207479,
    author       = {Tange, Ole},
    title        = {GNU Parallel 20241122 ('Ahoo Daryaei')},
    month        = Nov,
    year         = 2024,
    note         = {{GNU Parallel is a general parallelizer to run
                    multiple serial command line programs in parallel
                    without changing them.}},
    publisher    = {Zenodo},
    doi          = {10.5281/zenodo.14207479},
    url          = {https://doi.org/10.5281/zenodo.14207479}
}
